2785 3419
1494 400 1816 442 ...³14—

773 522 875 572 'Ea
917 531 1098 576 ratione
1138 545 1278 591 quum
1320 531 1499 575 litterae
1540 528 1810 583 verborum,
1854 529 1982 587 quae‘
2013 527 2233 573 nuncium
2277 526 2478 586 aliquem

802 605 1078 662 conficiunt,
1109 615 1247 650 erunt
1277 608 1587 666 perscriptae,
1619 605 1695 661 qui
1727 604 1888 661 accipit
1920 604 2074 660 signa,
2105 605 2151 646 in
2179 603 2480 662 pugillaribus

801 683 1023 725 nuncium
1057 684 1276 739 scriptum
1303 682 1501 725 habebit.
1567 679 1722 721 Veluti
1758 680 1794 721 si
1828 679 1927 735 quis
1970 680 2194 721 nunciare
2225 680 2343 722 vult:
2399 677 2479 719 Ex

799 749 951 813 copiis
978 751 1307 799 auxiliaribus
1338 751 1534 799 circiter·
1558 757 1748 797 centum
1769 746 1980 795 homines
2007 749 2074 795 ad
2099 750 2262 796 hostes
2291 746 2475 795 transi-

798 825 977 874 tionem
1016 821 1264 889 fecerunt.
1331 832 1385 877 In
1416 832 1485 876 his
1515 830 1809 890 spectandum
1843 827 2070 887 primum,
2114 835 2167 873 ut
2197 843 2335 888 quam
2361 827 2499 880 bre-v

796 906 976 951 vissime
1005 907 1109 952 fieri
1139 909 1307 966 possit,
1341 908 1499 951 eadem
1532 906 1862 963 exprimantur.
1928 902 2107 949 Veluti:
2165 894 2325 948 &retes
2363 918 2476 947 cen-

761 987 765 990 '
794 987 904 1026 tum
934 997 965 1026 a
998 978 1133 1026 nobis
1165 980 1456 1039 dffecerunt.
1527 981 1706 1025 Horum
1751 980 1950 1038 primum
1990 981 2269 1024 'elementum
2305 980 2392 1023 erit
2421 978 2474 1022 C.

793 1062 871 1105 'Ea
904 1067 971 1105 est
1002 1061 1049 1103 in
1079 1059 1229 1118 prima
1266 1058 1448 1102 tabella‘
1467 1058 1620 1119 littera
1661 1055 1807 1099 tertia.
1873 1055 2016 1113 Igitur
2053 1055 2134 1099 fax
2160 1069 2190 1098 a
2216 1056 2347 1099 laeva
2375 1054 2471 1098 tol-

797 1136 937 1178 lenda
979 1148 1101 1183 una,
1158 1148 1249 1191 quo
1293 1134 1421 1189 signo
1461 1132 1761 1174 exadversum
1798 1130 2021 1187 repetito,
2055 1130 2202 1172 statim
2239 1144 2268 1172 a
2309 1130 2474 1172 dextra

800 1214 904 1252 tre-s
935 1206 1215 1252 attollendae
1245 1207 1397 1261 faces,
1439 1222 1530 1265 quo
1560 1205 1683 1248 facto
1712 1205 1830 1247 alter
1856 1203 2121 1261 speculator
2149 1205 2198 1246 in
2230 1203 2476 1261 pugillari-

793 1283 881 1328 bus
910 1283 1002 1327 suis
1028 1282 1243 1341 scriptam
1272 1279 1459 1325 habebit
1490 1279 1534 1324 C.
1604 1278 1788 1324 Deinde
1817 1277 1967 1322 statim
1995 1291 2024 1320 a
2049 1277 2182 1322 laeva
2216 1281 2317 1321 tres
2346 1273 2472 1322 faces

788 1358 1028 1401 tollendae
1050 1362 1096 1398 et
1121 1356 1280 1413 paullo
1311 1361 1417 1414 post
1439 1369 1467 1397 a
1500 1355 1663 1397 dextra
1694 1354 1803 1396 item
1835 1357 1964 1404 tre85
2005 1367 2097 1412 quo
2126 1352 2250 1395 facto
2277 1353 2355 1396 ille
2392 1354 2468 1396 al-

759 1420 764 1427 ⁴
793 1410 869 1477 ter'
908 1432 958 1475 in
998 1429 1299 1489 pugillaribus
1339 1430 1555 1486 scriptam
1596 1416 1783 1471 habebit
1816 1428 1873 1470 R.
1949 1428 2013 1471 Et
2054 1428 2118 1471 sic
2145 1442 2319 1485 porro.
2394 1427 2468 1472 Ad

794 1506 923 1548 hunc
958 1518 1093 1547 usum
1136 1503 1174 1545 si
1200 1503 1384 1559 longior
1424 1508 1470 1544 et
1497 1500 1708 1558 pluribus
1738 1500 1902 1543 verbis·
1920 1500 2116 1544 nuncius
2149 1501 2237 1543 erit
2263 1502 2470 1559 perscri-

757 1577 759 1580 ’
797 1578 997 1629 bendus,
1022 1577 1198 1633 pluries
1229 1577 1375 1616 denae
1404 1572 1530 1614 faces
1557 1572 1796 1628 parandae
1827 1578 1988 1626 erunt,
2030 1578 2082 1615 ut
2109 1573 2145 1614 si
2171 1574 2352 1629 priores
2381 1575 2470 1617 de-

795 1665 894 1696 cem
923 1647 1334 1706 conflagraverint‚
1374 1645 1491 1689 aliae
1528 1645 1686 1689 decem
1716 1644 1774 1689 ad
1803 1652 1967 1690 manus·
1996 1646 2113 1691 sumi
2142 1652 2280 1706 atque
2308 1648 2468 1693 usitari

787 1725 980 1786 possint.
1048 1720 1402 1765 Cuiustrationis
1430 1721 1507 1779 qui
1533 1734 1667 1763 usum
1697 1727 1836 1779 atque
1863 1722 2235 1766 exercitationem
2261 1722 2345 1766 sibi
2370 1739 2463 1783 pa-

791 1800 1023 1851 raverint,
1062 1802 1115 1838 ut
1142 1796 1249 1837 satis
1278 1795 1492 1837 celeriter
1522 1795 1675 1837 omnia
1709 1796 1767 1837 ad
1805 1809 1905 1838 rem
1935 1797 2212 1853 pertinentia
2243 1799 2462 1852 adminis-

794 1874 911 1917 trari
945 1877 1139 1930 queant3
1184 1868 1310 1912 haud
1339 1867 1518 1912 difficile
1548 1868 1662 1926 erit,
1690 1868 1827 1912 unius
1853 1870 1927 1914 vel
1957 1870 2152 1914 duarum
2189 1870 2467 1920 horularum

787 1947 954 2006 'spacio
981 1946 1184 2001 integras
1213 1943 1415 1987 scribere
1447 1944 1672 2001 epistolas.
1740 1943 1811 1987 Ex
1837 1959 1929 2003 quo
1957 1946 2249 2002 intelligitur,
2277 1947 2314 1989 si
2345 1963 2465 1992 con-

797 2022 925 2064 tinua
954 2018 1244 2077 specularum
1276 2017 1417 2060 series
1448 2031 1535 2076 per
1565 2024 1795 2060 terrarum
1826 2024 2021 2062 tractum
2046 2009 2357 2078 longissimum
2383 2023 2462 2066 in-

770 2094 917 2138 ‘stitui
948 2108 1002 2136 ac
1043 2092 1172 2136 cerni
1199 2092 1425 2150 potuerit,
1463 2091 1586 2136 intra
1625 2091 1820 2136 duarum
1853 2092 2077 2137 horarum
2107 2095 2311 2153 spacium
2335 2097 2462 2142 inte-

794 2182 901 2227 gras
948 2162 1162 2225 epistolas
1202 2166 1261 2209 ad
1308 2172 1490 2210 centum
1528 2166 1739 2210 milliaria
1778 2173 1825 2212 et
1866 2167 1989 2212 ultra
2030 2169 2166 2212 etiam
2213 2172 2459 2216 transmitti

795 2256 945 2301 posse.
1009 2240 1064 2283 In
1107 2239 1293 2296 singulis
1329 2245 1482 2282 autem
1524 2239 1721 2297 speculis
1761 2239 1820 2283 ad
1854 2240 2088 2286 minimum
2116 2247 2212 2285 tres
2233 2239 2461 2288 ‘hom'ines

796 2316 853 2361 ad
879 2315 999 2360 haec
1024 2314 1152 2372 signa
1183 2313 1424 2372 diligenter
1452 2313 1631 2358 edenda
1658 2326 1759 2359 esse
1786 2316 2085 2372 necessarios,
2113 2321 2279 2375 sponte
2306 2331 2458 2377 appa-

793 2397 880 2434 ret.
941 2390 1075 2432 Unus
1105 2390 1227 2448 enim
1253 2403 1351 2432 esse
1372 2388 1522 2442 debet,
1554 2389 1632 2446 qui
1653 2389 1881 2448 dioptram
1907 2396 2205 2450 perspectam
2233 2398 2279 2436 et
2305 2391 2458 2438 tabel-

759 2479 762 2482 ·
791 2461 861 2509 las
883 2464 1129 2523 ‘inspiciens
1169 2462 1299 2520 signa
1336 2462 1409 2506 edi
1436 2461 1561 2506 iubet
1601 2469 1646 2507 et
1689 2478 1716 2507 e
1745 2464 1999 2525 longinquo
2030 2465 2150 2510 edita
2175 2466 2340 2527 recipit
2371 2482 2458 2513 re·-

792 2546 1017 2598 ceptaque
1051 2551 1196 2596 porro
1238 2537 1415 2580 edenda
1449 2537 1658 2593 mandat,
1702 2553 1837 2598 quem
1873 2545 2064 2597 κεμῑευςῆν,
2110 2537 2453 2586 moderatorem

784 2614 866 2660 xel
906 2611 1207 2670 hortatorem
1233 2611 1515 2669 appella-tum
1558 2625 1656 2657 esse
1696 2614 1912 2659 credibile
1953 2622 2045 2673 est3
2102 2615 2300 2662 duorum
2335 2617 2455 2661 reli-

793 2700 993 2747 quorum
1022 2686 1140 2730 alter
1169 2686 1228 2729 ad
1253 2685 1379 2729 faces
1410 2684 1638 2744 sinistras,
1674 2687 1790 2733 alter
1822 2689 1883 2733 ad
1914 2689 2128 2733 dexteras
2151 2692 2326 2750 positus
2353 2705 2453 2735 esse
