2785 3419
1016 331 1339 396 —15.'''''

341 454 546 516 debebit3
604 463 650 502 et
682 470 820 518 quum
847 474 968 505 unus
997 462 1201 522 quinque
1231 464 1366 509 simul
1404 463 1529 510 faces
1555 465 1765 511 attollere
1793 473 2008 526 nequeat,

337 532 461 590 quod
485 531 717 578 interdurn
750 548 866 594 opus
898 536 1008 593 erit,
1038 543 1084 583 et
1115 537 1153 581 si
1184 545 1336 598 queat,
1363 539 1568 585 sublatae
1599 554 1694 586 non
1726 541 2005 600 dignoscan-
2032 532 2035 534 ’

334 610 414 646 tur
453 619 650 649 numero
658 624 673 665 3
739 611 970 668 sequitur,
1015 618 1068 654 ut
1115 613 1163 653 in
1229 613 1480 655 munitione
1535 614 1628 656 sive
1679 614 1822 657 lorica
1864 629 2005 658 ansae

337 677 432 722 sive
456 678 685 726 foramina
717 691 882 743 parata
909 701 1009 730 esse
1040 686 1271 752 debeanq
1298 689 1344 730 in
1388 688 1550 748 quibus
1587 688 1712 732 faces
1740 689 2005 748 infigantur,

335 754 485 798 donec
502 757 550 800 in
571 761 778 818 sequenti
801 763 1101 805 exadversum
1121 763 1307 821 specula
1330 764 1450 807 idem
1472 765 1649 822 signum
1669 765 1728 808 sit
1747 767 2003 823 repetitum.

441 831 533 874 =Ita
563 848 664 876 rem
694 849 722 876 a
750 834 945 892 Polybio
975 837 1189 880 traditam
1217 838 1485 896 accepimus.
1553 838 1645 882 Sed
1669 840 1911 883 redeamus
1941 840 2002 883 ad

332 904 569 951 Ciceronis
597 908 766 963 locum,
793 924 935 968 supra
968 908 1224 955 excitatum.
1288 913 1357 956 Ibi
1391 913 1555 956 Cicero
1593 914 1640 956 in
1680 915 1895 958 monstris
1924 921 2001 958 at·

327 992 432 1047 (ῃ.
451 982 700 1038 portentis,
752 999 874 1042 quae
918 985 1143 1030 Catilinae
1167 1018 1171 1021 «
1191 987 1396 1031 nefarios
1438 995 1628 1031 conatus
1671 989 2000 1046 praedixerint,

325 1053 459 1098 etiam
492 1056 610 1099 visas
645 1064 876 1101 nocturno
913 1067 1124 1118 tempore
1159 1061 1217 1104 ab
1251 1062 1486 1105 occidente
1527 1062 1653 1106 faces
1689 1063 1997 1121 ardoremque

329 1128 446 1171 coeli
470 1139 693 1175 recenset.
760 1134 914 1189 Quam
948 1137 1315 1193 superstitionem
1344 1143 1451 1179 sunt
1482 1137 1559 1195 qui
1600 1143 1749 1179 ortam
1781 1152 1879 1180 esse
1903 1152 1999 1195 pu·-

325 1208 425 1247 tent
450 1219 510 1249 ex
535 1206 719 1251 insolito
744 1215 842 1253 tum
868 1210 957 1253 illis
982 1211 1031 1253 in
1061 1212 1198 1254 terris
1221 1211 1395 1255 lumine
1422 1211 1624 1265 boreali,
1654 1213 1777 1269 quod
1808 1212 1997 1269 dicitur3
2029 1235 2037 1242 ·

328 1291 448 1335 quae
482 1293 560 1324 res
601 1295 738 1342 quam
781 1284 907 1329 omni
945 1283 1267 1342 probabilitate
1301 1291 1481 1341 careat,
1516 1285 1605 1329 iam
1643 1285 1751 1329 inde
1788 1292 1997 1344 apparet,

324 1353 449 1409 qnod
472 1354 636 1398 Cicero
668 1357 725 1399 ab
754 1360 990 1401 occidente
1018 1358 1146 1403 faces
1174 1360 1277 1401 illas
1300 1361 1613 1418 ardoremque,
1639 1360 1875 1407 coclivisa
1896 1374 1996 1408 esse

318 1426 500 1471 indicat.
565 1428 732 1486 Longe
761 1437 831 1473 est
866 1430 1176 1487 probabilius,
1215 1438 1427 1490 tempore
1453 1432 1683 1475 bellorum
1724 1433 1919 1476 civilium
1943 1434 1997 1479 ,in

316 1512 406 1542 usu
436 1499 592 1555 fuisse,
621 1509 674 1544 ut
703 1502 832 1559 signa
859 1502 1053 1545 ederent
1084 1501 1263 1545 facibus
1305 1503 1531 1556 sublatis,
1561 1519 1681 1560 quae
1723 1506 1875 1561 signa,
1916 1510 1995 1563 qui

315 1587 412 1618 non
443 1582 594 1620 essent
623 1577 805 1632 conscii,
830 1591 918 1636 pro
946 1577 1173 1634 portentis
1204 1576 1442 1620 haberent.
1505 1576 1560 1621 Id
1600 1576 1750 1635 ipsum
1793 1577 1993 1623 fortasse

313 1649 442 1694 initio
464 1650 760 1695 Catilinariae
789 1652 1117 1696 coniurationis
1147 1666 1177 1694 a
1205 1652 1336 1695 sociis
1366 1658 1412 1696 et
1442 1652 1690 1696 coniuratis
1723 1652 1993 1708 factitatum,

316 1738 458 1783 quum
491 1725 619 1768 haud
650 1726 787 1769 dubie
811 1733 977 1782 essent,
1006 1741 1127 1786 quae
1158 1726 1216 1769 ab
1242 1727 1298 1769 iis
1326 1727 1431 1770 sciri
1462 1726 1649 1781 vellent,
1675 1727 1752 1786 qui
1785 1726 1842 1769 ab
1873 1727 1990 1772 urbe

311 1799 454 1859 longe
481 1801 694 1846 abessent
718 1809 765 1846 et
793 1809 968 1846 contra.
1034 1802 1176 1860 Quod
1207 1802 1505 1861 superstitiosi
1539 1802 1693 1845 rustici
1734 1816 1872 1860 quum
1912 1803 1988 1847 vi-

312 1876 497 1931 dissent,
520 1876 570 1920 in
596 1876 760 1921 urbem
788 1884 841 1921 ut
863 1884 1129 1936 portentum
1153 1876 1446 1921 nunciabant.
1512 1876 1620 1933 Qua
1653 1891 1712 1920 ex
1738 1890 1791 1920 re
1815 1891 1986 1935 super-

310 1950 502 1995 stitionis
528 1951 621 1995 hoc
651 1966 796 2011 genus
824 1959 977 1996 ortum
1007 1967 1107 1997 esse
1134 1953 1274 2004 valde,
1302 1958 1372 1995 est
1401 1951 1657 1996 verisimile.

357 2037 359 2040 '
433 2024 494 2071 ,5.
562 2026 880 2071 Vehementer
919 2028 1085 2070 mirum
1127 2027 1237 2070 mihi
1270 2027 1454 2081 accidit,
1495 2027 1618 2085 quod
1658 2026 1790 2069 video
1819 2026 1987 2070 multos

319 2115 434 2155 esse,
456 2102 535 2159 qui
557 2102 820 2145 etiamnunc
830 2098 1104 2169 scripturam
1124 2101 1253 2145 verbi
1273 2114 1513 2143 arcessere
1531 2101 1579 2143 in
1602 2099 1785 2143 dubium
1807 2107 1987 2144 vocent·

319 2172 467 2220 Arcio
477 2205 494 2227 ,
532 2171 688 2217 arcieo
729 2182 909 2219 veteres
951 2175 1115 2218 dixisse
1145 2190 1236 2233 pro
1270 2190 1327 2219 eo
1356 2175 1481 2233 quod
1509 2181 1578 2218 est
1611 2169 1744 2216 accio
1755 2202 1772 2224 ,
1806 2169 1983 2224 acciet),

311 2251 537 2296 Prisciani
574 2251 845 2295 auctoritate
872 2250 993 2304 satis
1012 2256 1081 2294 est
1108 2249 1427 2294 confirmatum
1456 2264 1510 2293 ac
1537 2248 1797 2292 stabilitum.
1854 2249 1986 2292 Pris-

312 2329 428 2372 cian.
446 2326 550 2370 Lib.
571 2327 608 2380 Ι,
630 2331 675 2377 8.
704 2333 811 2370 tom.
832 2326 870 2380 Ι,
896 2340 1000 2384 pag.
1021 2329 1100 2375 43.
1129 2324 1217 2369 Kr.
1279 2319 1625 2381 Antiquissimi
1648 2337 1758 2366 vero
1790 2338 1875 2383 pro
1906 2320 1986 2368 ad

260 2454 264 2458 ¹
302 2396 693 2461 frequentissime
722 2399 1080 2460 ar‘porzebant,
1118 2413 1407 2450 arvenos,
1443 2403 1832 2450 arventores,
1878 2413 1981 2441 ar-

311 2482 597 2529 vocatos,
649 2472 919 2533 arfinea,
975 2473 1291 2527 arvolare,
1345 2470 1559 2531 arfari
1605 2470 1846 2524 dicentes,
1895 2487 1984 2533 pro

313 2551 609 2603 advenas,
650 2548 1052 2600 adventor-es,
1084 2545 1765 2605 advocatoa,.adfinea,
1800 2545 1986 2592 advo-

312 2627 469 2682 lare,
514 2622 745 2686 adfari.
817 2621 955 2672 Unde.
982 2620 1297 2677 ostenditur,⁴
1320 2628 1451 2668 recte
1489 2635 1749 2672 arcesso
1795 2618 1896 2668 dici
1925 2620 1987 2667 ab
