2785 3419
1018 403 1091 419 ’—
1158 378 1222 430 1‘7
1288 410 1354 423 ..-

358 520 547 551 arcesso
557 535 574 559 ,
605 506 734 553 cuius
759 503 1001 559 infinitivus
1026 513 1238 573 passivus
1264 508 1493 560 arcessiri
1511 495 1749 577 aliquoties
1777 516 2022 563 invenitnn‘

357 582 435 623 Sic
473 582 598 638 apud
641 582 825 626 Caesar.
856 563 1127 639 Belff‘Gall.
1157 587 1229 644 V,
1262 594 1338 640 11.
1420 591 1590 648 Itaque
1642 604 1706 632 ex
1758 587 2029 649 legionibus

344 649 522 710 fabfioo
554 651 731 713 deligit
761 662 812 701 et
837 674 900 701 ex
931 640 1198 704 continenti
1222 658 1347 704 alios
1372 661 1600 706 arce-seiri
1628 661 1796 707 iubet.-
1809 661 2028 710 Sallust.

355 728 454 786 lug.
468 734 564 786 62,’
584 737 628 781 3.
672 731 906 775 Metellus
931 748 1127 793 propere
1156 740 1358 779 cunctos
1375 734 1615 781 Senatorii
1641 735 1824 781 ordinis
1856 754 1920 782 ex
1948 731 2027 782 721·-

356 799 514 845 bernie
555 801 790 847 arcessiri
815 802 983 860 iubet3
1034 808 1115 852 ubi
1151 802 1366 860 meliores
1407 812 1538 855 codd.
1581 826 1739 856 omnes
1779 802 2026 865 moe-seiri,

357 879 481 936 quod
529 879 676 924 miror
721 886 903 924 mutare
950 882 1150 940 potuisse
1195 882 1494 929 Gerlachum.
1555 886 1698 930 Corn.
1735 886 1895 945 Nepos
1932 888 2027 933 vita

353 951 488 995 Attici
522 967 560 995 c.
591 959 670 1003 21.
744 950 1016 1013 Agrippum
1043 969 1272 1014 generum
1308 956 1376 1000 ad
1403 972 1456 1001 se
1486 955 1714 1002 arcessiri
1742 955 1917 1012 iussit,
1947 962 2028 1006 ubi

353 1025 458 1068 vide
482 1027 681 1085 interpp.
747 1028 788 1070 E
820 1029 1080 1074 Columella
1109 1031 1192 1087 lx,
1213 1033 1455 1084 &excitat
1487 1033 1613 1077 Cort.
1643 1034 1702 1077 ad
1723 1032 1906 1079 Sallust.
1936 1035 1967 1080 l.
1988 1051 2028 1080 c.

353 1096 576 1141 lacessiri
599 1115 688 1158 pro
716 1099 904 1145 lacessi.
970 1105 1116 1162 Igitur
1145 1107 1221 1150 vix
1253 1107 1439 1151 dubium
1471 1122 1571 1150 esse
1596 1114 1772 1166 potest,
1801 1109 1912 1168 quin
1942 1123 2024 1152 ar-

354 1170 525 1219 cessiri
556 1176 682 1235 apud
712 1176 805 1222 Cic.
831 1178 880 1221 in
907 1179 1048 1224 Tusc.
1067 1181 1201 1239 dissp-
1221 1181 1302 1225 IV.
1325 1190 1402 1232 32.
1424 1199 1539 1228 vera
1563 1185 1619 1226 sit
1649 1183 1808 1226 lectio:

451 1246 539 1296 Cui
574 1247 652 1295 ίη
668 1266 811 1296 manu
852 1249 964 1306 sit,
990 1269 1157 1312 quem
1168 1251 1272 1300 e'see
1305 1252 1566 1301 demente'm
1606 1252 1742 1310 velit,

450 1323 598 1382 Quem
626 1322 819 1388 stipere,
852 1339 990 1387 quem
1023 1325 1219 1384 sanciri,
1252 1345 1388 1390 qnem
1420 1327 1471 1376 in
1501 1328 1715 1377 morbum
1744 1325 1909 1401 z'nQi3

447 1401 596 1458 Quem
620 1399 789 1445 contra
814 1400 993 1456 amari,
1022 1418 1161 1462 quem
1195 1403 1425 1450 a'rcesszri
1433 1435 1451 1459 ,
1489 1420 1626 1464 quem
1651 1402 1828 1466 e'xpeti.

347 1478 480 1522 Haec
504 1464 690 1531 vulgata
724 1482 793 1517 est
814 1476 939 1528 letio,
968 1477 1042 1518 cui
1070 1479 1343 1533 astipulatur
1369 1481 1568 1537 optimus
1590 1481 1671 1522 ine
1704 1481 1819 1522 Cod.
1845 1481 2023 1540 Regias

344 1551 605 1613 Parisinus,
642 1547 730 1590 nisi
755 1546 881 1604 quod
908 1546 946 1588 is
973 1549 1250 1613 transposita
1277 1549 1420 1593 habet
1454 1551 1621 1594 verba.
1670 1567 1809 1605 quem
1841 1552 2021 1610 expeti,

348 1640 486 1683 quem
515 1615 755 1667 arcessiri.
820 1620 899 1665 Ex
929 1636 1022 1680 quo
1049 1621 1131 1681 qui
1160 1621 1452 1667 scribendum
1483 1631 1727 1667 censerent
1760 1639 1898 1681 quem
1927 1643 2015 1670 ex-

346 1695 474 1760 peti,
504 1711 641 1756 quem
668 1690 902 1739 arces-sier
910 1723 928 1747 ,
970 1694 1099 1740 haud
1129 1695 1267 1741 dubie
1295 1696 1441 1741 iustae
1471 1697 1749 1755 gradationis
1779 1713 1940 1745 caussa
1966 1702 2015 1749 id

346 1774 608 1819 faciendum
636 1785 736 1815 esse
762 1769 972 1814 arbitrati
996 1776 1116 1815 sunt.
1139 1798 1141 1801 -
1178 1768 1356 1820 Amare
1383 1771 1503 1817 enim
1521 1771 1734 1831 ’primum
1762 1780 1831 1819 est
1855 1781 1903 1820 et
1929 1791 2017 1836 ge-

345 1850 627 1894 neraliorem
665 1844 809 1889 habet
839 1845 1076 1889 notionem
1082 1862 1100 1904 3
1153 1852 1252 1890 tum
1290 1846 1369 1905 qui
1408 1854 1647 1902 amantur,
1694 1854 2015 1907 expetuntur,-

346 1923 531 1985 expetiti
562 1927 716 1966 autem
743 1923 1070 1964 arces-sunium
1137 1919 1279 1978 Quod
1301 1920 1549 1980 spemosius
1577 1927 1659 1977 est,
1689 1937 1826 1981 quam
1852 1926 2018 1974 verius.

346 2001 403 2045 In
432 1997 691 2043 huiusmodi
719 1996 841 2040 enim
875 1994 1020 2040 rebus
1053 2008 1166 2056 ιιοιι,
1187 2002 1283 2053 tam
1321 1995 1558 2056 diligentes
1596 2001 1703 2039 sunt
1731 2004 1896 2055 poetae
1921 2013 2015 2044 ne-

349 2088 440 2134 que
476 2086 576 2116 esse
608 2077 827 2133 possunt,
863 2069 903 2114 si
932 2068 1129 2114 maxime
1160 2060 1324 2129 velint3
1378 2083 1542 2116 verum
1579 2069 1753 2114 librarii
1781 2072 2012 2131 erudituli,

351 2148 456 2206 qni
459 2147 508 2189 in
533 2146 626 2189 hoc
654 2145 747 2189 Cie.
771 2145 876 2190 loeo
905 2143 1219 2203 gradationem
1254 2145 1387 2189 istam
1413 2143 1753 2202 desiderarent,
1788 2151 2013 2210 transpo-

345 2227 540 2266 suerunt
564 2219 706 2265 verba
734 2216 1035 2277 ordinemque
1059 2207 1428 2265 immutaverunt.

474 2295 662 2350 Restat,
698 2291 750 2339 ut
779 2307 1079 2353 quaeramus,
1115 2284 1242 2341 unde
1269 2293 1492 2351 originem
1523 2292 1776 2350 traxerint,
1814 2302 1861 2340 et
1899 2296 2011 2361 quid

343 2360 600 2429 significent
625 2369 898 2418 derivativae
911 2368 1027 2414 istae
1050 2366 1300 2414 verborum
1323 2366 1543 2412 formae
1527 2379 1579 2410 ιιι
1598 2379 1752 2410 essere
1773 2375 1820 2417 et
1846 2366 2005 2416 essire.

341 2444 479 2505 Apud
501 2443 676 2503 priscos
690 2442 888 2488 Latinos
908 2444 1168 2503 scriptores,
1187 2442 1327 2489 veluti
1347 2441 1471 2502 apud
1491 2434 1725 2487 Plautum
1721 2449 1775 2488 et
1788 2443 2010 2504 Ennium,

343 2520 553 2579 antiquas
591 2517 739 2562 futuri
767 2518 916 2562 exacti
943 2517 1120 2562 formas
1146 2505 1402 2564 invenimus
1430 2516 1568 2560 tales:
1605 2514 1818 2570 levasso,
1858 2515 2007 2581 impe-

342 2600 520 2645 tras-so,
554 2606 760 2645 amasso,
792 2588 1036 2652 impetis-so
1067 2593 1205 2648 alias,
1242 2606 1362 2651 quae
1398 2590 1701 2635 hauddubie
1740 2600 1873 2638 ortae
1899 2603 2010 2641 sunt

343 2684 403 2714 ex
427 2668 636 2729 legitimis
662 2667 760 2726 eius
787 2666 933 2713 futuri
967 2665 1129 2713 formis
1159 2664 1402 2718 levavero,
1417 2660 1750 2772 :impetravero
1760 2695 1778 2721 ,
1817 2682 2009 2717 amove.
