2785 3419
1102 360 1394 394 ...0-

416 490 532 536 pere
556 476 781 542 foenore,
810 481 1018 521 mutuum
1048 476 1135 522 sub
1163 479 1315 536 usuris
1341 493 1551 540 sumere3
1598 481 1693 526 hoc
1725 496 1838 528 vero
1872 489 1941 558 est
1976 475 2084 528 mu-

410 557 508 596 tuo
524 549 737 594 alicunde
764 558 952 609 aceepto
982 552 1166 598 solvere
1190 554 1320 612 prius
1348 554 1563 599 debitum.
1627 556 1762 601 Haec
1791 555 1884 601 illi.

539 621 692 681 Atque
715 623 782 666 ita
807 625 989 682 quidem
1011 627 1090 670 vix
1107 625 1197 669 erit
1225 627 1411 672 dubium
1422 656 1439 678 ,
1467 618 1715 671 versuram
1741 645 1841 673 esse
1862 634 2083 672 mutuum

409 693 503 739 sub
532 710 710 750 usur-113
738 699 863 743 unde
890 702 1132 745 versuram
1161 700 1322 745 facere
1349 702 1634 758 dicebantur,
1658 704 1737 763 qui
1763 712 1969 748 mutuam
1996 717 2083 747 su-

408 765 596 817 mebant
628 774 871 831 pecuniam
883 790 910 831 ;·
938 788 1141 818 versura
1169 782 1325 820 antem
1354 775 1561 828 solvere,
1604 779 1684 835 qui
1724 778 1848 822 facta
1886 792 2084 823 versura

406 845 456 890 h.
492 861 533 890 e.
571 853 733 891 mutua
768 853 953 905 sumpta
998 848 1055 892 ab
1095 849 1194 893 aliis
1237 850 1434 908 pecunia
1447 881 1462 905 ,
1511 851 1729 895 creditori
1768 851 2086 896 satisfacerent

408 920 570 980 priori.
637 920 802 977 Quare
828 921 944 964 illud
971 920 1311 969 Terentianum
1352 925 1401 968 in
1434 921 1718 969 Phormione
1747 925 1778 969 1.
1808 941 1846 969 c.
1882 939 2085 970 versura

408 991 561 1039 solvis
587 995 701 1039 nihil
728 995 852 1040 aliud
880 1011 980 1040 esse
1006 1005 1217 1056 apparet,
1240 999 1328 1042 nisi
1355 994 1639 1042 creditorem
1664 1005 1844 1051 mutas,
1872 1007 1926 1044 ut
1953 1006 2085 1045 recte

408 1063 741 1130 interpretatus
789 1078 859 1115 est
902 1071 1130 1117 Donatus.
1214 1073 1359 1132 Quod
1407 1074 1647 1134 eleganter
1688 1075 1737 1120 in
1777 1090 1911 1118 suum
1949 1089 2085 1120 usum

409 1147 637 1191 convertit
666 1145 936 1190 Lactantius
966 1148 1093 1192 Instt.
1113 1148 1171 1193 11.
1191 1154 1250 1206 8,
1273 1153 1351 1200 24.
1402 1167 1408 1172 ·
1429 1148 1587 1205 Quum
1614 1154 1774 1192 ortum
1799 1164 1958 1193 rerum
1986 1145 2081 1192 tri-

408 1218 519 1265 buis
547 1225 752 1265 naturae
779 1235 841 1266 ac
878 1219 1097 1268 detrahis
1121 1223 1225 1269 Deo
1229 1254 1248 1277 ‚
1290 1220 1342 1268 in
1364 1221 1526 1269 eodem
1560 1210 1665 1270 luto
1696 1221 1944 1269 haesitans
1970 1239 2080 1269 ver-

401 1310 521 1340 sura
551 1293 714 1356 solvis.

538 1371 632 1416 Sed
674 1370 934 1431 quaeritur,
972 1373 1053 1432 qui
1091 1372 1267 1420 facmm
1301 1374 1383 1432 sit,
1422 1381 1477 1419 nt
1506 1387 1708 1419 versura
1745 1374 1871 1420 hanc
1903 1372 2081 1435 signifi&

406 1447 635 1492 cntionem
675 1447 918 1504 acceperit.
981 1446 1102 1491 Mihi
1143 1448 1210 1491 sic
1249 1449 1445 1492 videtur.
1522 1450 1573 1494 V
1567 1455 1720 1492 effere
1754 1447 2008 1508 pecuniam
2036 1457 2084 1493 et

402 1533 597 1566 versare
634 1517 905 1562 dicebantur
936 1520 1234 1562 nummularii
1261 1521 1357 1564 sive
1387 1524 1663 1579 trapezitae,
1701 1524 1752 1566 h.
1782 1539 1822 1566 e.
1866 1529 2085 1567 tractare

401 1587 679 1657 pecuniam,
721 1606 938 1636 nummos
946 1618 986 1644 ,ι
1013 1595 1352 1653 tractandoque
1389 1579 1559 1639 victum
1602 1609 1843 1654 quaerere.
1916 1597 2082 1655 Quare

399 1683 602 1716 versura
620 1669 814 1729 proprie
830 1667 1021 1713 notabat
1039 1668 1277 1727 negotium
1297 1667 1438 1724 illud,
1466 1682 1561 1727 quo
1580 1670 1821 1713 tractando
1841 1670 1979 1715 vitam
2000 1678 2082 1716 to-

399 1746 559 1791 lerare
584 1743 793 1788 solebant
820 1743 1142 1797 nummularii,
1179 1742 1516 1788 Geldwechsel.
1579 1743 1738 1800 Quum
1768 1758 1882 1789 vero
1909 1744 2081 1790 horum

403 1820 647 1867 hominum
673 1817 909 1876 negotium
935 1817 994 1863 sit
1020 1817 1140 1874 tale,
1169 1824 1223 1863 ut
1252 1818 1496 1877 pecuniam
1518 1824 1678 1863 mutuo
1706 1825 1939 1878 acceptam
1968 1819 2080 1879 plu-

406 1897 473 1943 ris
510 1897 716 1949 elocent,
770 1900 818 1938 et
868 1893 1050 1937 minore
1087 1893 1287 1937 foenore
1341 1900 1577 1952 acceptam
1601 1895 1794 1937 vmaiore
1842 1902 2081 1952 occupent,

408 1968 795 2032 quemadmodum
821 1968 1037 2013 Donatus
1064 1968 1151 2027 ait3
1182 1967 1357 2013 factum
1390 1974 1484 2023 est,
1513 1974 1567 2013 ut
1595 1982 1788 2014 versura
1809 1968 1902 2033 lioc
1930 1969 2081 2013 maxi-

399 2061 485 2093 me
522 2059 668 2106 genus
706 2044 1000 2103 negotiorum
1038 2043 1303 2104 antiquitus'
1327 2044 1602 2102 designaret.
1673 2042 1718 2087 A
1758 2057 1851 2102 qua
1891 2044 2079 2088 notione

401 2123 534 2167 hand
570 2120 817 2164 admodum
837 2120 1003 2163 dissita
1045 2126 1116 2163 est
1153 2120 1406 2164 communis
1443 2120 1550 2173 illa,
1599 2133 1691 2176 qua
1729 2132 1929 2160 versura
1966 2133 2079 2176 spe·-

407 2195 556 2243 ciatim
585 2192 811 2252 significat
847 2188 1206 2237 mutuatiomtm
1241 2208 1351 2237 cum
1392 2207 1575 2237 usura.->
1620 2191 1747 2236 Fieri
1770 2192 1889 2236 enim
1917 2192 2075 2251 quoti-

404 2272 481 2316 die
514 2269 719 2316 videmus
757 2267 806 2312 in
851 2266 1114 2311 mortalium
1149 2266 1439 2312 sermonibus
1489 2266 1724 2321 omnibus,
1763 2272 1818 2311 ut
1855 2265 2079 2312 vocabula

408 2358 503 2405 qua
440 2344 637 2388 uaedam
667 2349 842 2385 certam
867 2342 1067 2400 aliquam
1100 2347 1147 2385 et
1181 2341 1568 2399 circumscriptam
1600 2340 1817 2383 habentia
1843 2339 2079 2398 significa-

307 2376 380 2476 (s
402 2427 536 2474 tum,
521 2402 774 2475 ‘tempore
802 2417 1086 2474 procedente
1114 2416 1450 2473 generaliorem
1481 2422 1529 2460 et
1554 2415 1824 2473 ampliorem
1855 2415 2080 2473 accipiant

407 2501 458 2542 et
487 2500 664 2539 contra.
729 2490 893 2548 Quare
915 2497 1036 2535 etam
1067 2490 1243 2537 factum
1272 2496 1357 2547 est,
1383 2496 1437 2535 ut
1457 2503 1665 2546 versura,
1694 2490 1860 2534 omissa
1886 2489 1967 2533 illa
1986 2503 2080 2535 na-

406 2570 501 2617 tiva
520 2562 740 2614 vertendi
755 2567 968 2623 notione,
987 2566 1295 2627 propinquam
1317 2564 1611 2612 mutuationis
1631 2577 1736 2610 cnm
1757 2578 1900 2610 usura
1919 2564 2081 2610 notio-

406 2659 517 2692 nem
534 2645 760 2690 indueret.
802 2642 877 2687 Sic
895 2642 1021 2703 apud
1041 2641 1314 2705 Ciceronem
1331 2642 1383 2687 in
1403 2647 1518 2687 orat.
1537 2654 1628 2702 pro
1651 2640 1812 2686 Caelio
1828 2654 1873 2686 c.
1893 2647 1942 2694 7.
1983 2639 2080 2686 Ta·-

2227 2369 2255 2443 ar·-
