2785 3419
1404 420 1468 432 ...-
1534 395 1726 466 10·—

719 522 909 569 lerrime
941 525 997 570 ad
1030 527 1354 571 remotissimas
1382 541 1528 585 usque
1562 525 1775 583 regiones
1803 523 2049 577 nunciare,
2086 523 2191 567 lice-t
2227 521 2397 565 nostris

719 600 904 644 demum
933 602 1221 659 temporibus
1250 602 1487 646 commode
1513 601 1748 646 inventum
1770 604 1816 642 et
1843 598 2075 657 frequenti
2109 596 2196 642 usu
2222 610 2393 652 recep-

713 679 842 730 tum,
877 681 1033 719 tamen
1070 690 1132 720 ne
1164 675 1413 720 Veteribus
1454 675 1633 735 quidem
1664 674 1804 733 plane
1841 673 2126 731 incognitum
2157 672 2255 716 suit.
2320 671 2392 714 Ea

715 762 793 790 ars
822 750 948 806 apud
976 748 1175 791 Veteres
1199 750 1291 790 hoc
1329 751 1463 791 etiam
1489 748 1687 790 habebat
1719 748 1969 800 commodi,
2009 754 2062 788 ut
2087 754 2228 788 noctu
2254 753 2392 801 atque

716 824 919 866 interdiu
944 825 1050 882 pari
1083 825 1222 867 modo
1245 824 1441 867 factitari
1469 825 1693 883 potuerit,
1718 823 1764 866 id
1795 824 1920 881 quod
1939 821 2071 865 nobis
2092 823 2163 865 ·ad
2188 821 2279 864 hoc
2307 834 2392 862 us-

718 913 811 957 que
837 906 1020 956 tempus
1063 898 1150 941 suit
1190 900 1465 956 ignoratum.
1529 899 1769 943 Inventum
1807 905 1962 941 tamen
2005 904 2074 941 est
2100 912 2224 940 auno
2252 909 2391 939 aerae

713 973 993 1016 christianae
1021 970 1511 1027 CIQIOCCCXXVI„
1551 972 1719 1016 abhinc
1752 972 2070 1030 quadriennio,
2098 978 2239 1015 noctu
2270 984 2392 1029 quo-

709 1047 807 1104 'que
837 1061 922 1104 per
954 1061 1110 1090 aerem
1144 1048 1361 1101 scribere,
1388 1048 1526 1105 idque
1550 1047 1597 1090 in
1627 1046 1795 1102 Gallia,
1821 1048 2022 1090 omnium
2055 1047 2239 1099 artium,
2269 1058 2388 1103 quae

713 1119 773 1162 ad
803 1120 940 1164 vitam
972 1120 1253 1164 commodius
1280 1120 1622 1179 transigendam
1652 1126 1885 1179 spectant,
1925 1126 2074 1163 matre
2117 1134 2173 1163 ac
2210 1119 2389 1163 nutrice

711 1194 872 1235 usitari
904 1201 1142 1251 coeptum3
1193 1196 1250 1236 de
1291 1209 1384 1251 quo
1420 1196 1604 1237 invento
1643 1195 1982 1236 nunciaverunt
2009 1208 2132 1235 anno
2161 1194 2415 1250 superiori·

710 1263 873 1309 diaria
915 1263 1186 1318 matutina,
1242 1284 1362 1325 quae
1402 1268 1693 1325 Stutgardiae
1740 1268 1866 1327 apud
1908 1267 2090 1312 Cottam
2139 1269 2386 1326 prodeunt.

712 1342 811 1388 Res
843 1334 1068 1387 narratur
1106 1343 1215 1387 anni
1258 1348 1427 1397 1829„
1454 1341 1642 1402 plagula
1685 1346 1804 1396 254ι
1824 1343 1994 1403 pagina
2029 1348 2187 1402 1015.;
2239 1341 2385 1388 debe-

716 1423 888 1478 turque
916 1417 963 1461 id
990 1418 1162 1463 inventi
1190 1417 1432 1462 nauarcho
1456 1417 1655 1475 Gallico,
1675 1419 1814 1463 ‘cuius
1843 1432 2014 1462 nomen
2042 1432 2139 1461 non
2168 1425 2269 1463 erat
2297 1434 2386 1479 ap·-

711 1493 926 1549 positum.
989 1493 1073 1533 Est
1109 1500 1260 1533 autem
1289 1493 1560 1533 huiusmodi.
1625 1492 1845 1533 Aedicula
1871 1492 2004 1545 lignis
2032 1496 2308 1546 exstruitur,
2336 1496 2385 1535 in

710 1566 832 1608 edito
861 1566 965 1607 loco
994 1567 1165 1620 posita,
1200 1566 1555 1621 circumquaque
1585 1562 1761 1607 munita
1791 1568 1930 1622 atque
1957 1563 2136 1619 clausa,
2164 1566 2383 1626 utrinque

704 1637 852 1681 tribus
884 1636 1187 1680 foraminibus
1218 1636 1504 1679 orbiculatim
1534 1636 1785 1694 perforatis
1813 1644 1945 1696 apta,
1989 1639 2038 1682 in
2077 1639 2241 1698 quibus
2273 1643 2382 1686 disci

702 1711 861 1754 insunt
888 1711 1092 1764 tortiles,
1120 1711 1222 1768 qui,
1252 1716 1454 1753 ceterum
1478 1711 1612 1768 nigro
1632 1712 1869 1769 pigmento
1896 1713 2036 1769 obliti,
2064 1715 2380 1762 diametralem

702 1785 878 1828 habent
897 1785 1128 1836 laminam,
1156 1785 1353 1827 interdiu
1376 1785 1483 1827 albo
1509 1786 1667 1828 colore
1691 1787 2024 1843 splendentem,
2051 1798 2193 1833 noctu
2222 1793 2381 1848 pellu-

703 1859 862 1901 cidam.
928 1859 981 1900 In
1011 1860 1159 1901 media
1188 1860 1393 1901 aedicula
1421 1860 1548 1902 sedet
1574 1861 1815 1916 operarius
1836 1861 1930 1905 sive
1960 1863 2141 1918 artifex,
2172 1866 2247 1922 qui
2282 1882 2377 1910 uno

705 1932 962 1987 eodemque
993 1932 1095 1974 nisu
1125 1940 1347 1990 utrosque
1374 1933 1534 1988 discos,
1569 1942 1617 1978 et
1647 1935 1724 1993 qui
1755 1943 1861 1979 sunt
1890 1937 2199 1992 dextrorsum,
2227 1949 2273 1985 et
2300 1946 2378 2001 qui

704 2010 813 2048 sunt
852 2004 1187 2061 sinistrorsum,
1227 2007 1360 2052 simul
1398 2013 1619 2068 torquens
1647 2010 1790 2068 regit,
1827 2010 1890 2055 ita
1929 2019 1982 2057 ut
2011 2012 2059 2056 in
2101 2014 2301 2061 diversas
2329 2026 2375 2064 et

701 2078 931 2137 oppositas
971 2080 1185 2138 regiones
1227 2083 1384 2126 eadem
1422 2083 1556 2127 simul
1582 2084 1710 2142 signa
1755 2088 2006 2146 propagari
2031 2090 2218 2148 possint.
2285 2092 2371 2140 His

697 2151 851 2194 tribus-
868 2154 999 2195 discis
1021 2157 1148 2198 varie
1175 2157 1406 2200 conversis
1432 2159 1576 2201 multa
1596 2160 1727 2216 signa
1755 2162 1971 2216 eduntur,
2000 2178 2198 2222 quorum
2227 2181 2371 2215 unum

698 2226 913 2283 quodque
962 2235 1133 2272 certam
1174 2230 1314 2274 habet
1354 2232 1739 2288 significationem.
1816 2235 1892 2280 Sic
1932 2239 2207 2284 undetricies
2247 2245 2373 2288 mille

696 2297 890 2353 ducenta
924 2302 1124 2362 quinque
1160 2312 1206 2348 et
1241 2305 1544 2365 quadraginta
1574 2309 1699 2352 varia
1739 2310 1869 2368 signa
1900 2310 2003 2356 fieri
2032 2322 2250 2381 possunt,
2291 2319 2371 2377 qui

695 2371 930 2430 signorum
981 2392 1202 2421 numerus
1256 2379 1439 2425 abunde
1482 2381 1645 2426 sufficit
1693 2385 1750 2427 ad
1802 2400 1941 2428 omne
1982 2401 2127 2445 genus
2174 2395 2370 2438 nuncios

694 2449 1078 2494 transmittendos.
1127 2454 1347 2511 Propter
1371 2456 1519 2499 discos
1542 2457 1646 2501 illos
1671 2449 1887 2518 utrinque
1914 2462 1962 2504 in
1992 2464 2201 2509 aedicula
2228 2468 2368 2527 diop-

694 2525 768 2563 tra
802 2529 870 2566 est
896 2525 1131 2581 transfixa,
1165 2543 1255 2586 qua
1282 2537 1582 2589 perspectam
1612 2535 1868 2592 operarius,
1900 2537 2008 2595 quid
2031 2539 2207 2583 eminus
2237 2557 2367 2587 nun-

693 2591 865 2649 cietur,
900 2605 1078 2655 utrum,
1114 2617 1228 2659 quos
1257 2604 1357 2660 ipse
1390 2606 1522 2649 mittit
1552 2608 1769 2663 nuncios,
1796 2611 2136 2669 intelligantur,
2167 2631 2364 2662 cernere

688 2671 853 2724 potest.
916 2669 1056 2717 Hunc
1078 2684 1349 2733 apparatum
1368 2679 1691 2738 simpliciorem
1718 2685 1854 2729 etiam
1881 2685 2029 2730 fecit
2013 2702 2104 2733 iam
2131 2705 2257 2736 nunc
2282 2693 2362 2736 in-
