2785 3419
1407 378 1699 426 ...8-

711 505 849 557 ditur?
925 511 1140 558 Debebat
1185 512 1308 558 enim
1350 527 1449 557 esse
1490 514 1549 555 ut
1593 507 1669 554 mi
1724 507 1915 569 facie·
1954 506 2284 562 indicium,
2336 524 2396 558 ex

711 590 941 632 constanti
962 590 1287 633 Romanorum
1308 602 1419 644 usu,
1451 602 1544 647 quo
1566 586 1693 632 haud
1719 587 1854 632 aliter
1875 586 2057 645 dicunt,
2087 586 2175 632 nisi
2201 591 2260 630 ut
2280 582 2399 630 milti

709 656 930 714 indicas,
975 670 1022 708 et
1058 664 1237 708 similia.
1946 723 1953 729 ‘
2174 711 2182 719 ,
2312 679 2315 682 ·

841 738 971 782 Illius
1001 745 1155 783 autem
1197 740 1415 798 regulae,
1456 755 1594 800 quam
1624 753 1768 800 supra
1798 739 1855 785 ab
1897 739 2026 785 initio
2054 738 2399 799 proposuimus,

710 805 942 870 ignoratio
980 813 1248 858 incredibile
1297 822 1390 871 est,
1438 822 1659 875 quantum
1707 814 1952 859 turbarum
2003 815 2051 858 in
2079 812 2400 870 ‚emendandis

710 887 1014 947 scriptoribus
1045 888 1236 934 dederit.
1302 888 1458 935 Veluti
1492 891 1616 951 apud
1642 890 1858 936 Plautum
1889 889 1967 935 vix
1994 894 2063 934 est
2089 901 2184 933 una
2212 887 2399 949 pagina,

709 964 789 1006 ubi
830 977 925 1005 non
967 964 1126 1021 plura¹
1151 965 1197 1006 in
1242 965 1366 1008 hanc
1406 980 1506 1010 rem
1554 974 1745 1026 peccata
1777 966 2086 1010 inveniantur.
2150 964 2316 1022 Neque
2347 977 2400 1005 se

713 1038 847 1081 aliter
879 1038 1004 1095 apud
1029 1037 1303 1081 Ciceronem
1330 1054 1407 1082 res
1435 1040 1601 1096 habet,
1631 1055 1773 1099 quum
1800 1040 2069 1097 nuperrime
2097 1037 2282 1081 demum
2308 1036 2397 1080 viri

713 1112 1137 1157 Latini·sermonis
1178 1114 1314 1171 periti
1353 1115 1401 1157 in
1442 1115 1574 1160 haec>
1595 1116 1796 1174 penitius
1836 1115 2086 1158 scrutanda
2114 1111 2400 1156 devenerint.

713 1187 790 1231 Sic
818 1193 948 1231 recte
973 1202 1127 1246 nuper
1149 1187 1198 1231 in
1228 1187 1319 1231 Cic.
1352 1188 1410 1232 de
1428 1188 1612 1234 Senect.
1643 1188 1771 1244 VIII,
1791 1194 1837 1239 3.
1878 1187 1972 1233 Fr.
1996 1185 2084 1231 Vil.
2112 1173 2233 1230 Otto'
2256 1184 2399 1230 resti-

709 1263 817 1308 tuit:
867 1261 965 1305 Nec
993 1258 1153 1304 minus
1186 1274 1259 1304 me
1283 1257 1510 1321 intelligo
1527 1258 1708 1314 vobis,
1741 1275 1899 1320 quam
1926 1256 2045 1304 milti
2071 1273 2160 1305 voc
2187 1273 2290 1304 ease
2316 1254 2396 1302 iu-

711 1335 894 1383 cundos
907 1351 924 1390 ;
970 1336 1051 1380 ubi
1083 1335 1220 1381 antea
1248 1337 1494 1383 edebatur:
1540 1338 1640 1383 Nec
1671 1330 1832 1381 minuc
1870 1332 2091 1396 intelligo
2123 1349 2208 1379 me
2243 1330 2400 1387 vobis,

710 1428 857 1473 quam
889 1426 976 1457 vos
1009 1408 1162 1455 mihi
1193 1427 1296 1456 esse
1326 1409 1577 1458 iucundo-s.

842 1489 1018 1533 Poetae
1027 1494 1185 1530 tamen
1204 1489 1253 1530 in
1273 1487 1344 1530 his
1366 1489 1650 1545 peculiarem
1661 1487 1744 1532 sibi
1756 1487 1988 1532 vindicant
2008 1486 2255 1540 licentiam,
2275 1486 2402 1544 apud

715 1572 830 1625 quos
840 1546 1038 1619 legitima
1047 1575 1186 1617 saepe
1207 1565 1438 1602 structura
1458 1557 1952 1614 immutatoeinvenitur,
1972 1558 2190 1618 quoniam
2213 1558 2400 1619 eupho-

710 1639 817 1684 niae
846 1642 891 1680 et
923 1632 1106 1677 numeri
1145 1633 1273 1691 leges
1314 1632 1450 1677 aliam
1492 1633 1725 1678 interdum
1758 1633 2110 1685 collocationem
2140 1634 2399 1694 requirunt.

710 1715 768 1757 In
796 1710 960 1771 quibus
988 1708 1098 1765 quid
1129 1708 1184 1749 sit
1212 1707 1414 1764 elegans,
1443 1708 1554 1765 quid
1583 1709 1748 1762 minus,
1782 1708 2006 1765 longioris
2034 1714 2104 1751 est
2130 1708 2395 1766 indagatio-

712 1789 807 1841 nis.
865 1782 1147 1827 Cavendum.
1166 1786 1321 1823 tamen
1353 1781 1490 1840 etjam
1528 1782 1653 1840 apud
1683 1788 1846 1840 poetas
1878 1782 1966 1824 erit
1990 1796 2302 1840 magnopere,
2336 1797 2399 1827 ne

715 1859 984 1917 ambiguitas
1024 1860 1242 1899 nascatur
1281 1861 1362 1900 aut
1403 1854 1669 1965 obtenu.
1732 1855 1811 1901 De
1831 1875 1833 1878 >
1852 1869 1944 1916 qua
1971 1870 2027 1901 re
2057 1856 2149 1901 alio
2185 1863 2398 1917 tempore

719 1945 1019 1996 exponamus.

849 2008 899 2054 3.
966 2007 1120 2052 Multa
1144 2006 1292 2050 latent
1314 2005 1466 2050 adhuc
1485 2006 1535 2050 in
1567 2006 1748 2066 seriptis
1774 2006 2028 2062 Ciceronis,
2045 2007 2260 2052 maxime
2285 2007 2398 2066 phi-

717 2083 985 2144 losophicis,
1016 2088 1260 2141 poetarum
1290 2080 1578 2140 fragmenta,
1608 2095 1808 2141 quornm
1835 2094 2063 2140 magnam·
2080 2083 2190 2127 olim
2217 2082 2398 2143 copiam

713 2159 911 2206 restituit
944 2156 1204 2202 Bentleius.
1282 2156 1431 2200 Caute
1478 2163 1633 2201 tamen
1680 2157 1730 2200 in
1770 2171 1828 2201 ea
1865 2171 1922 2202 re
1963 2157 2243 2203 versandum
2281 2172 2398 2213 esse,

716 2250 857 2282 nemo
884 2247 981 2277 non
1009 2232 1147 2289 videt,
1176 2231 1450 2292 praesertim
1478 2246 1620 2292 quum
1646 2233 1813 2279 veteris
1832 2233 2080 2293 prosodiae
2105 2233 2225 2278 ratio
2251 2234 2400 2278 multa

714 2311 765 2354 in
817 2320 1001 2354 versum
1055 2307 1157 2365 cogi
1207 2307 1351 2361 sinat,
1413 2319 1532 2367 quae
1593 2307 1728 2350 aliter
1785 2307 1863 2353 vix
1915 2307 2168 2367 rhythmici
2211 2308 2397 2366 generis

718 2399 817 2429 esse
848 2383 1128 2427 viderentur.
1191 2383 1301 2425 Non
1340 2396 1416 2425 me
1452 2389 1567 2439 puto
1595 2374 1784 2443 errare,
1821 2384 1859 2426 si
1901 2383 1995 2426 Cic.
2027 2382 2219 2427 Tuscul.
2251 2370 2398 2441 dispp.

715 2459 799 2516 IV,
832 2465 909 2511 31.
941 2458 990 2502 in
1017 2456 1088 2501 his
1116 2455 1393 2503 versiculum
1423 2455 1623 2516 reperio.
1686 2454 1783 2502 Sed
1818 2452 2061 2516 loquimur·
2102 2471 2231 2503 nunc
2270 2447 2396 2503 mone
2455 2482 2462 2488 -

719 2527 966 2579 communi.
1034 2526 1143 2573 Sint
1172 2543 1304 2573 eane*
1328 2525 1431 2573 ista
1468 2527 1590 2574 bona
1622 2540 1745 2589 quae
1775 2537 2046 2594 putantur:

847 2603 1150 2655 Honores,
1199 2600 1500 2657 divitiae',
1538 2602 1931 2667 v'oliipta'tes,
1979 2603 2262 2660 cae'tera,·

717 2690 879 2728 tamen
913 2678 965 2724 in
1001 2677 1071 2723 eie
1114 2676 1234 2739 ipsis
1265 2676 1520 2740 potiundis
1561 2681 1818 2727 exsultans
1853 2678 2164 2742 gestiensque
2200 2678 2394 2729 laetitia
