2785 3419
1398 369 1693 415 ...4.-

831 502 907 548 De
934 501 1264 563 significatione
1286 515 1330 546 v.
1346 513 1575 545 versurae
1605 511 1704 543 non
1727 497 1837 543 satis
1869 497 2082 545 convenit
2107 497 2229 542 inter
2257 496 2379 542 viros

699 575 871 621 doctos.
914 577 1122 638 Apparet
1141 593 1183 623 v.
1213 584 1442 637 eautczoom
1474 590 1503 619 a
1525 575 1778 628 Cicerone,
1806 573 1885 632 qui
1903 573 2032 617 haud
2053 572 2189 616 dubie
2212 570 2383 614 Graeci

697 644 889 693 alicuius
919 652 1172 709 scriptoris,
1206 650 1460 694 Plutarcho
1489 647 1672 706 prioris,
1697 647 1853 690 locum
1886 652 1995 689 ante
2023 647 2185 689 oculos
2204 643 2380 697 habuit,

692 722 926 767 redditum
956 739 1059 768 esse
1098 724 1264 768 Latino
1292 738 1335 770 v.
1367 735 1568 766 versura
1579 750 1596 772 ,
1629 727 1682 764 ut
1711 719 2010 778 intelligatur,
2035 724 2276 766 versuram
2304 716 2381 761 ni-

692 794 762 840 hil
788 811 888 841 esse
915 798 1064 854 aliud,
1086 799 1174 842 nisi
1193 804 1393 851 δανεισμὸν
1406 795 1455 841 h.
1467 812 1506 841 e.
1530 789 1879 839 mutuationem
1899 808 2011 838 cum
2030 806 2195 837 usura.
2259 790 2382 836 Nam

695 875 878 920 διαιτῆσαι
912 878 983 915 est
1013 872 1212 930 aliquem
1242 886 1428 929 rogare,
1453 886 1520 914 sc.
1543 865 1824 929 pecuniam,
1855 868 1954 912 sine
1976 867 2238 912 conditione
2260 877 2379 908 usu-

664 940 804 1000 'rae,
842 944 889 988 id
928 946 1055 1004 quod
1091 945 1257 989 Cicero
1290 945 1553 1004 simpliciter
1586 939 1938 987 mutuationem
1966 942 2169 998 vocavit,
2204 940 2253 983 in
2283 951 2378 998 qua

696 1034 813 1065 voce
840 1019 972 1063 nulla
1001 1020 1123 1067 inest
1152 1033 1330 1063 usurae
1357 1019 1627 1079 significatio
1640 1051 1654 1076 ,
1686 1033 1826 1079 quam
1856 1033 1887 1062 a
1917 1017 2147 1063 Cicerone
2174 1013 2315 1060 tribui
2338 1027 2382 1058 v·

696 1081 927 1140 {yet-surae
971 1101 1187 1154 apertum
1225 1102 1318 1140 est.-
1388 1095 1466 1140 De
1497 1109 1563 1140 eo
1606 1093 1834 1141 vocabulo
1870 1099 2053 1140 veteres
2082 1087 2386 1135 Grammatici

694 1169 762 1214 ita
790 1176 1043 1229 exponunt.
1096 1170 1290 1213 Paullus
1322 1184 1382 1214 ex
1416 1164 1581 1214 Festo:
1622 1169 1677 1215 V
1680 1173 1960 1212 erent-am
1986 1166 2238 1225 facere,
2273 1177 2380 1206 mu-

694 1247 835 1288 tuam
859 1240 1115 1304 pecuniam
1142 1258 1355 1297 sumere,
1396 1258 1462 1288 ex
1491 1258 1544 1288 eo
1574 1240 1765 1287 dictum
1789 1248 1893 1297 est,
1936 1239 2067 1301 quod
2090 1235 2258 1291 initio,
2301 1233 2386 1295 qui

694 1316 1046 1363 mutuabantur
1077 1316 1139 1362 ab
1166 1315 1309 1371 aliis,
1349 1333 1441 1362 non
1471 1324 1529 1363 ut
1555 1316 1749 1363 domum
1773 1319 1998 1377 ferrent,
2042 1313 2130 1360 sed
2172 1320 2230 1358 ut
2266 1309 2381 1356 aliis

694 1392 962 1446 solverent,
1005 1391 1143 1439 velut
1174 1399 1417 1440 verterent
1460 1391 1759 1439 creditorem.
1836 1394 2056 1439 Donatm
2096 1392 2156 1436 ad
2185 1390 2381 1435 Terent.

698 1471 891 1516 Phorm.
918 1484 986 1525 v,
1022 1478 1080 1525 2,
1112 1477 1189 1522 15.
1258 1472 1536 1517 Voreura
1571 1466 1802 1524 solvis]
1874 1465 2164 1511 Creditorum
2204 1469 2380 1507 mutas.

699 1547 980 1593 Vorsura
1010 1541 1241 1597 solvis]
1284 1544 1550 1587 Ver-suram
1573 1540 1750 1597 facere
1776 1535 1989 1590 dicitur,
2028 1533 2115 1595 qui
2146 1551 2230 1581 aes
2259 1532 2379 1580 alie-

693 1633 807 1663 num
828 1633 892 1662 ex
911 1631 1020 1661 aere
1039 1613 1194 1660 alieno
1207 1611 1371 1662 solvit.
1401 1612 1606 1659 Dicitur
1626 1611 1775 1659 etiam
1792 1627 2115 1659 vor-suram
2136 1612 2328 1671 facer
2337 1627 2379 1670 e,

695 1707 808 1737 cum
836 1689 1018 1735 minore
1038 1690 1243 1748 foenore
1268 1694 1518 1750 acceptam
1541 1687 1652 1748 quis
1679 1684 1933 1751 pecuniam
1961 1685 2139 1732 maiore
2159 1692 2378 1748 occupat.

834 1767 943 1811 Non
987 1766 1261 1811 dissentiunt
1309 1780 1466 1809 secum
1508 1765 1833 1820 Grammatici,
1871 1766 1957 1808 nisi
2000 1764 2124 1823 quod
2164 1764 2379 1809 Donatus

693 1842 830 1888 aliam
864 1842 1001 1885 etiam
1044 1839 1239 1899 amplius
1289 1841 1525 1885 notionem
1568 1841 1798 1899 adiungit,
1837 1854 1973 1900 quam
2016 1853 2136 1898 quae
2176 1853 2204 1882 a
2237 1838 2378 1882 Festo

692 1917 897 1976 ponitur-
963 1916 1008 1959 Is
1037 1929 1151 1960 vero
1170 1946 1184 1969 ,
1216 1916 1322 1973 quia
1344 1917 1649 1973 antiquiorem
1678 1917 1804 1959 illam
1835 1916 2070 1958 notionem
2094 1914 2243 1975 luisse
2264 1927 2379 1959 voce

695 1984 837 2031 initio
877 1989 1054 2033 adiecta
1099 1988 1349 2046 siguificat,
1399 1990 1533 2033 aliam
1572 1990 1880 2034 recentiorem
1929 1996 1976 2033 et
2013 1989 2293 2032 usitatiorem
2329 1989 2378 2032 in

692 2069 849 2107 mente
874 2062 1053 2107 habere
1078 2064 1287 2122 videtui-3
1327 2071 1490 2107 contra
1524 2079 1660 2123 quam
1695 2066 1911 2108 Donatus
1937 2064 2062 2123 apud
2089 2064 2379 2120 Terentium,

691 2146 911 2195 tanquam
932 2138 1014 2181 illo
1035 2145 1249 2196 tempore
1270 2139 1499 2192 usitatam,
1529 2139 1834 2198 antiquiorem
1855 2140 2118 2197 simpliciter
2144 2140 2377 2197 proponit.

792 2212 1130 2257 ‚Iureconsulti
1167 2219 1347 2259 veteres
1393 2229 1544 2272 pauca
1585 2212 1783 2270 habent,
1834 2228 1954 2273 quae
1992 2214 2214 2259 eiusmodi
2253 2220 2375 2271 sunt,

691 2292 747 2331 ut
769 2286 885 2330 nihil
916 2286 974 2329 ad
1002 2300 1104 2331 rem
1133 2290 1502 2346 pernoscendam
1532 2288 1718 2333 saciant.
1782 2289 1983 2348 Propius
2012 2303 2114 2332 rem
2145 2289 2204 2333 ad
2232 2289 2375 2348 liqui-

691 2360 803 2403 dum
829 2360 1124 2405 adduxerunt
1165 2366 1287 2406 inter
1320 2365 1604 2405 recentiores
1646 2363 1896 2407 Salmasius
1937 2364 1999 2406 ad
2029 2354 2374 2409 Tertullianum

691 2433 754 2478 de
789 2433 932 2493 pallio
972 2439 1019 2477 et
1057 2434 1117 2478 de
1159 2448 1287 2479 usur.
1329 2451 1367 2479 c.
1405 2441 1445 2486 1.
1521 2435 1789 2482 Gronovius
1825 2439 1884 2483 de
1924 2438 2121 2496 pecunia
2153 2444 2240 2483 vet.
2268 2447 2376 2496 pag.‘

691 2513 802 2560 353.
832 2521 1033 2568 quorum
1062 2510 1289 2555 sententia
1317 2509 1437 2555 haec
1468 2517 1549 2559 est.
1617 2510 1827 2558 Versura
1868 2513 1983 2558 nihil
2014 2513 2139 2557 aliud
2170 2519 2253 2567 est,
2284 2512 2373 2558 nisi

693 2586 914 2626 mutuum
937 2580 1180 2641 faenebre.
1248 2584 1638 2646 Distinguendum
1671 2595 1825 2635 autem
1856 2589 1978 2634 inter
2007 2601 2255 2632 versuram
2275 2585 2371 2644 fa-

690 2669 798 2700 cere
822 2664 868 2702 et
899 2671 1101 2702 versura
1128 2658 1325 2705 solvere.
1349 2685 1356 2691 ·
1390 2662 1529 2706 Prius
1563 2663 1679 2709 illud
1716 2663 1940 2723 significat
1970 2671 2214 2724 argentum
2243 2663 2372 2706 acci-
