2785 3419
1060 325 1387 368 -11-

389 455 577 507 tentor,
612 457 847 510 unumque
877 453 1049 498 discum
1088 467 1192 498 cum
1226 469 1321 498 una
1358 454 1527 498 lamina
1560 452 1768 513 reliquit,
1806 464 1898 514 qua
1931 456 2058 501 varie

384 541 611 572 conversa
651 527 790 571 octies
831 529 953 573 mille
995 536 1211 584 sexcenta
1253 529 1736 589 duodequinquaginta
1765 530 1893 588 signa
1926 533 2053 575 varia

378 603 588 661 profert,
627 603 704 660 qui
736 618 957 646 numerus
992 605 1074 656 etsi
1104 605 1299 647 multum
1326 604 1613 658 imminutus,
1642 611 1798 647 tamen
1826 605 1960 649 etiam
1986 606 2053 649 sic

382 677 443 720 ad
472 678 621 721 subita
640 679 838 734 :quaevis
864 679 1128 722 nuncianda
1157 677 1367 721 sufficere
1400 694 1536 735 posse
1565 680 1756 723 videtur.

505 748 579 797 Ab
615 749 706 796 hac
743 757 897 797 autem
933 766 1099 797 recens
1136 750 1323 797 inventa
1355 750 1536 797 ratione
1572 752 1766 798 multum
1804 754 1960 802 distat«
1976 772 2048 814 ea,

376 841 496 887 quae
528 826 653 885 apud
683 824 929 884 Polybium
966 826 1016 870 in
1047 825 1252 886 reliquiis
1281 825 1389 870 libri
1416 825 1475 872 X.
1502 841 1600 886 cap.
1628 831 1706 881 48.
1733 829 1898 874 tradita
1926 831 2048 890 legi-

371 909 463 945 tur.
527 901 601 944 Ea
625 900 766 943 fiebat
786 900 968 957 ignibus
998 894 1083 945 -vel‘
1109 899 1286 945 facibus
1311 900 1512 956 sublatis,
1535 909 1817 961 quapropter
1843 909 1865 953 ἡ
1878 910 1938 945 διὰ
1949 924 2045 956 πυρ-

372 984 450 1017 σῶν
471 984 662 1025 σημειωσις
694 975 927 1033 appellata
955 981 1037 1030 est,
1066 974 1268 1034 itemque
1293 984 1459 1027 πυρσεία.
1513 975 1648 1032 Quae
1676 991 1732 1020 eo
1758 979 1954 1022 maxime
1984 979 2042 1023 ab

367 1052 449 1093 illa
485 1050 797 1091 recentissima
837 1049 1078 1092 differebat
1092 1079 1106 1104 ,
1150 1051 1275 1108 quod
1312 1063 1480 1092 revera
1513 1050 1743 1092 litteratim
1776 1052 2042 1109 perscribe-

367 1125 481 1168 bant
509 1123 726 1178 nuncios,
757 1138 848 1180 qua
878 1137 933 1166 re
961 1122 1159 1178 factum,
1201 1130 1254 1167 ut
1290 1124 1406 1167 nihil
1440 1139 1535 1167 non
1574 1131 1763 1180 possent
1801 1125 2036 1169 nunciare.

365 1197 499 1244 Duas
528 1203 683 1242 tamen
709 1195 860 1242 refert
878 1194 1100 1257 Polybius
1125 1195 1301 1242 facibus
1329 1196 1517 1242 sublatis
1546 1196 1794 1243 nunciandi
1821 1198 2038 1255 rationes,

367 1287 565 1334 quarum
595 1274 815 1329 alteram,
845 1272 903 1315 ab
930 1271 1090 1316 Aenea
1121 1272 1391 1316 Tactico·in
1421 1272 1541 1316 libro
1574 1279 1657 1325 περὶ
1687 1279 1916 1325 ςρατηγικῶν
1948 1287 2037 1317 ex-

365 1351 586 1408 positam,
623 1349 758 1392 valde
788 1347 1105 1404 imperfectam
1139 1354 1277 1405 atque
1317 1348 1518 1390 utilitatis
1548 1349 1740 1407 eniguae
1767 1345 1907 1390 fuisse
1935 1349 2034 1404 ipse

366 1425 625 1470 confitetur.
688 1423 774 1465 Est
802 1429 955 1465 autem
984 1422 1101 1464 talis.
1154 1420 1293 1486 ‚Vasa
1329 1421 1485 1464 fictilia.
1522 1430 1749 1478 parantur
1792 1429 1840 1465 et
1875 1423 2036 1465 latitu-

365 1499 472 1545 dine
495 1502 545 1541 et
571 1493 808 1540 altitudine
836 1507 973 1552 quam
999 1493 1282 1536 exactissime
1307 1493 1517 1551 aequalia
1551 1497 1659 1544 (κατά
1689 1511 1728 1535 τε
1756 1499 1796 1535 τὸ
1820 1498 1954 1542 πλάτος
1973 1503 2036 1537 καὶ

365 1579 456 1615 κατὰ
479 1578 519 1612 τὸ
541 1575 655 1621 βάθος
676 1576 871 1621 ῖσομεγέθη
890 1572 982 1620 πρὸς
998 1572 1222 1623 ἀκρίβειαν);
1270 1566 1388 1630 satis.
1417 1572 1570 1608 autem
1607 1567 1718 1620 erit,
1762 1569 1801 1608 si
1838 1570 2030 1613 altitudo

362 1657 549 1694 ternum
596 1644 854 1689 cubitorum
900 1648 1027 1693 (τριῶν
1047 1647 1192 1691 πηχῶν)
1205 1670 1219 1694 ,
1277 1639 1467 1682 altitudo
1514 1640 1650 1681 unius
1671 1643 1675 1647 '
1698 1639 1835 1683 cubiti
1876 1641 2030 1686 fuerit.

360 1724 500 1767 Talia
537 1733 648 1765 vasa
686 1717 1021 1762 distribuuntur
1063 1715 1114 1758 in
1156 1727 1325 1766 omnes,
1347 1712 1559 1770 speculas
1573 1744 1587 1766 ‚
1630 1727 1657 1756 e
1697 1713 1858 1770 quibus
1898 1716 2028 1772 signa

362 1797 517 1843 danda
544 1799 803 1838 censentur.
844 1789 1113 1834 Parandae
1142 1788 1307 1832 deinde
1332 1785 1518 1830 tabulae
1542 1787 1772 1829 rotundae
1803 1802 1830 1830 e
1859 1788 2026 1832 subere

363 1877 562 1925 (φίλιοι),
587 1865 836 1914 latitudinis
867 1877 964 1908 non
993 1863 1139 1908 multo
1166 1860 1381 1916 minoris,
1417 1873 1555 1919 quam
1585 1874 1670 1904 ora
1699 1873 1924 1906 vasorum.
1970 1862 2026 1907 In

359 1947 415 1992 iis
443 1943 600 1990 mediis
628 1939 847 2000 infigendi
871 1938 1036 1993 baculi,
1061 1937 1110 1984 in
1143 1934 1354 1979 omnibus
1381 1935 1498 1978 vasis
1528 1934 1757 1992 aequales,
1786 1935 1835 1977 in
1864 1935 2027 1994 quibus

359 2028 521 2067 notata
550 2024 657 2061 sunt
679 2014 921 2059 intervalla
943 2013 1075 2069 paria
1100 2018 1286 2066 ternum
1308 2009 1550 2066 digitorum
1578 2017 1655 2057 (ἴσα
1673 2019 1762 2061 μέρη
1780 2027 1832 2059 ιρι
1822 2014 2024 2058 ιδᾰκιυια).

359 2098 434 2142 Ea
468 2092 713 2137 intervalla.
750 2086 1167 2144 circumscriptione
1204 2084 1410 2127 notanda
1436 2089 1566 2136 sunt,
1601 2082 1662 2124 ita
1698 2081 1929 2134 facienda,
1969 2088 2023 2126 ut

359 2170 521 2215 facile
530 2164 731 2223 dignosci
762 2162 904 2220 possit
944 2166 991 2203 et
1014 2159 1127 2217 legi.
1180 2157 1285 2202 Hae
1312 2144 1750 2213 circumscriptiones
1782 2154 2018 2198 continere

356 2243 527 2290 debent
553 2238 784 2283 notissima
820 2241 866 2278 et
896 2233 1110 2277 maxime
1122 2231 1398 2274 universalia
1427 2243 1613 2282 eorum,
1652 2242 1786 2286 quae
1807 2228 1853 2270 in
1884 2227 2014 2272 bellis

358 2318 568 2363 accidere
589 2314 752 2367 solent,
780 2309 938 2356 veluti:
971 2302 1171 2363 Equites
1192 2301 1391 2347 hostiles
1416 2298 1730 2345 incursionem
1756 2301 2016 2358 fecerunt,-

357 2395 527 2439 altera:
567 2386 723 2431 Naves
743 2379 953 2428 hostium
972 2374 1285 2450 appulenmt5
1324 2376 1480 2423 tertia·
1515 2379 1777 2420 commeatu
1806 2380 2018 2419 annonae

360 2480 479 2528 opus
506 2467 609 2516 est,
656 2467 793 2519 atque
823 2460 885 2503 ita
906 2457 1139 2513 deinceps
1180 2454 1276 2498 eius
1307 2451 1487 2512 generis
1528 2451 1640 2506 alia,
1682 2445 1831 2494 donec
1865 2450 2019 2494 omnia

357 2544 447 2587 ista
477 2538 627 2584 baculi
656 2534 895 2580 intervalla
935 2530 1182 2589 scriptione
1212 2533 1318 2571 sunt
1350 2525 1611 2570 circumlita.
1674 2525 1771 2572 Iam
1810 2524 1858 2567 in
1898 2524 2018 2567 vasis

357 2617 478 2662 circa
501 2612 698 2658 fundum
723 2606 952 2654 foramina
983 2618 1086 2649 cum
1116 2587 1275 2647 fistulis
1300 2607 1405 2645 sunt
1417 2600 1656 2704 {ptandffi
1684 2611 1805 2657 quae
1833 2596 2016 2641 fistulae
