2785 3419
1063 358 1357 407 ...9.-

370 486 535 551 tur-pie
553 493 644 534 eoi.
686 489 741 534 In
766 488 896 536 simili
919 491 1271 540 enumeratione
1288 492 1443 539 locum
1466 491 1675 542 Terentii
1697 493 1863 538 excitat
1880 490 2053 549 1V‚33,

369 566 494 609 Nam
520 568 579 607 ut
606 560 695 607 illa
727 570 1049 623 praeteream,
1088 578 1212 622 quae
1243 570 1361 609 sunt
1391 563 1617 623 suroris-,-
1657 564 1776 609 haec
1820 562 1928 626 ipsa
1963 580 2050 625 per·

369 652 475 685 eece
504 652 648 697 quam
675 637 851 685 liabent
877 636 1153 693 levitatem,
1193 654 1317 696 quae
1358 636 1587 684 videntur·
1623 655 1725 685 esse
1749 635 2051 689 mediocria?

1341 710 1553 760 Iniuriae

636 784 943 848 Stoepiciones
953 818 971 842 ,
1011 781 1325 841 inindcitiae,
1370 783 1597 834 induciae
1622 794 1717 836 cet.

501 862 557 912 40'
618 862 800 912 Artium
830 876 992 908 earum
1006 894 1021 919 ,
1053 876 1175 923 quae
1198 862 1449 909 recentiori
1473 869 1684 924 tempore
1712 864 1926 913 inventae
1952 878 2054 915 non

371 943 436 986 ad
466 941 586 983 vitae
612 945 795 982 tantum
823 938 1079 982 communis
1104 951 1239 985 utum
1253 967 1268 993 ‚
1295 950 1458 984 verum
1485 939 1546 983 ad
1575 939 1775 984 civitates
1804 940 1941 986 etiam
1966 941 2053 988 ad·-

373 1013 696 1059 ministrandas
727 1018 775 1054 et
804 1012 864 1057 ad
883 1010 1009 1054 bella
1030 1011 1237 1069 gerenda
1260 1012 1544 1070 permultum
1565 1012 1746 1067 valent,
1773 1013 1904 1059 nulla
1929 1014 2056 1072 apud

374 1088 640 1141 Germanos
664 1085 817 1130 minus
846 1091 916 1130 est
933 1086 1100 1130 usitata
1123 1085 1367 1145 minusque
1392 1087 1453 1132 ad
1480 1087 1600 1152 vitae
1627 1086 1812 1143 negotia
1840 1088 2054 1133 traducta

375 1177 478 1211 esse
516 1156 799 1216 ostenditur,
841 1173 980 1219 quam
1020 1174 1101 1216 ea,
1141 1175 1263 1220 quae
1302 1159 1507 1207 seribere
1547 1176 1576 1205 e
1602 1160 1911 1205 remotissimis
1939 1162 2054 1207 locis

373 1253 461 1299 per
503 1251 662 1284 aerem
697 1235 910 1280 homines
948 1234 1130 1292 docuit,
1179 1249 1256 1281 ars
1293 1231 1609 1294 telegraphica
1660 1235 1768 1282 inde
1804 1235 2053 1295 appellata.

375 1315 513 1372 Quae
542 1317 760 1372 quantam
789 1309 1029 1356 utilitatem
1057 1316 1105 1355 et
1133 1308 1242 1356 belli
1273 1316 1320 1354 et
1342 1310 1469 1369 pacis
1494 1316 1731 1370 tempore,
1761 1309 1807 1353 in
1842 1319 2051 1359 mereatu

375 1396 422 1435 et
446 1388 665 1446 negotiis,
695 1386 743 1429 in
772 1385 972 1430 victoriis
1002 1389 1048 1430 et
1077 1384 1283 1430 cladibus
1310 1384 1608 1439 nunciandis,
1639 1385 1687 1430 in
1714 1384 1840 1431 omni
1868 1399 1923 1431 re
1949 1387 2055 1444 pri-

373 1470 479 1512 vata
510 1476 566 1506 ao
595 1458 805 1518 publiea,
836 1456 1003 1502 afferat
1031 1456 1307 1512 civitatibus,
1347 1458 1546 1503 maximo
1574 1472 1740 1503 eorum
1780 1458 2055 1520 rectoribus,

377 1535 504 1584 haud
536 1531 716 1578 difficile
751 1535 820 1575 est
840 1528 1066 1584 iudicatu,
1096 1541 1239 1587 quum
1266 1528 1315 1575 iu
1344 1531 1620 1575 nunciorum
1645 1547 1783 1587 quam
1813 1534 2057 1579 celerrima
2130 1526 2132 1528 ,

374 1608 713 1673 propagatione
732 1616 951 1663 magnum
970 1615 1131 1647 rerum
1151 1601 1465 1660 gerundarum
1486 1602 1635 1647 inesse
1654 1600 1951 1660 momentum,
1979 1609 2055 1653 vel

376 1686 553 1732 homini
577 1680 834 1726 umbratico
858 1676 1134 1735 remotoque
1163 1690 1193 1717 a
1218 1675 1360 1720 rebus
1383 1675 1587 1719 civilibus
1617 1679 1847 1735 apparere
1879 1679 2056 1727 debeat.

378 1745 615 1807 Nunciare
641 1763 797 1799 autem
838 1766 866 1822 e
893 1750 1148 1809 longinquo
1175 1764 1232 1793 ao
1267 1749 1408 1807 signis
1436 1751 1694 1808 compositis
1722 1751 1947 1810 quaedam
1970 1769 2057 1799 ce·-

381 1836 540 1883 leriter
571 1847 600 1877 a
630 1835 813 1876 remoto
844 1826 950 1871 loco
982 1824 1074 1869 alio
1112 1824 1172 1870 ad
1203 1825 1342 1868 alium
1373 1824 1711 1879 transmittere,
1747 1832 1794 1871 et
1818 1824 1954 1871 fadle
1986 1837 2057 1874 est

383 1917 430 1955 et
469 1921 559 1951 usu
602 1904 842 1949 hominum
882 1901 975 1945 iam
1011 1898 1089 1942 diu
1129 1902 1369 1957 receptum
1402 1897 1501 1942 fuit.
1567 1896 1726 1944 Veluti
1760 1896 2057 1959 Agamemno,

382 1993 437 2032 ut
467 1990 541 2030 est
562 1981 688 2041 apud
717 1976 998 2035 Aeschylum
1025 1972 1191 2032 Agam·
1216 1980 1284 2027 20
1309 1987 1463 2033 ”qq-2
1486 1973 1717 2032 lignorum
1745 1975 1945 2019 ⁸¹¹'U5bu3
1972 1991 2058 2021 ω’·

383 2056 738 2109 censis'l'roiam
766 2066 867 2098 esse
897 2055 1078 2108 captam
1100 2048 1495 2106 Clytaemnestrae
1517 2046 1807 2106 significavit,
1833 2051 2060 2107 quemad·-

381 2133 570 2181 modum
595 2132 719 2176 inter
743 2142 824 2173 eos
845 2129 1139 2171 convenerat.
1202 2120 1339 2167 Unde
1367 2121 1503 2166 etiam
1529 2121 1771 2168 verisimile
1786 2128 1879 2177 est,
1904 2129 2055 2169 oriam

385 2186 487 2256 esse
514 2214 722 2253 veterum
751 2198 1148 2261 superstitionem,
1188 2196 1314 2241 faces
1345 2204 1576 2242 nocturno
1609 2203 1820 2254 tempore
1845 2196 1894 2240 in
1921 2199 2053 2243 coelo

385 2286 505 2329 visas
531 2280 742 2324 incendia
779 2273 1077 2335 portendere.
1144 2270 1217 2312 Cf.
1247 2271 1412 2313 Cicero
1444 2276 1560 2312 orat.
1586 2269 1634 2311 in
1669 2269 1845 2313 catilin.
1872 2271 1964 2329 111,
1993 2276 2054 2325 »8.

389 2356 622 2408 Credibile
648 2354 771 2398 enim
802 2357 885 2405 est,
915 2361 1053 2405 saepe
1082 2345 1229 2388 multa
1258 2346 1342 2389 sibi
1371 2346 1491 2388 inter
1524 2359 1574 2386 se
1606 2343 1848 2387 nunciasse
1877 2345 2055 2391 facibus

389 2434 601 2482 homines
640 2426 765 2475 omni
790 2433 1027 2484 tempore,
1062 2420 1261 2466 maxime
1300 2418 1429 2466 bellis
1461 2418 1674 2465 civilibus.
1737 2417 1853 2463 Eius
1877 2421 1947 2464 rei
1975 2433 2057 2479 qui

391 2523 490 2554 non
521 2511 657 2550 erant
687 2501 880 2556 00115051,
906 2509 1048 2557 quum
1073 2493 1296 2552 viderent,
1325 2498 1590 2555 portentum
1621 2505 1673 2536 se
1698 2491 1856 2538 videre
1886 2493 2056 2540 crede-

391 2586 514 2629 bant.
579 2580 759 2625 Verum
786 2574 966 2632 singula
995 2566 1139 2614 verba
1164 2583 1252 2628 per
1277 2582 1433 2613 aerem
1459 2566 1597 2623 signis
1619 2565 1823 2609 scribere
1850 2573 1899 2611 et
1928 2567 2062 2612 subi-

391 2667 442 2706 ta
470 2655 670 2718 quaevis,
697 2658 756 2698 de
785 2649 947 2711 quibus
976 2655 1112 2693 antea
1141 2644 1441 2710 compositum
1468 2655 1568 2686 esse
1585 2640 1780 2699 nequit,
1807 2655 1948 2701 quam
1975 2657 2059 2687 00.-
